@article{sommerville2016software,
	title={Software Engineering 10},
	author={Sommerville, Ian},
	journal={Harlow: Pearson Education Limited},
	year={2016}
}
@article{zolkifli2018version,
	title={Version control system: A review},
	author={Zolkifli, Nazatul Nurlisa and Ngah, Amir and Deraman, Aziz},
	journal={Procedia Computer Science},
	volume={135},
	year={2018},
	publisher={Elsevier}
}
@inproceedings{appleton1998streamed,
	title={Streamed lines: Branching patterns for parallel software development},
	author={Appleton, Brad and Berczuk, Steve and Cabrera, Ralph and Orenstein, Robert},
	booktitle={Proceedings of PloP},
	volume={98},
	pages={14},
	year={1998}
}